@article{dean2008mapreduce,
  title={MapReduce: simplified data processing on large clusters},
  author={Dean, Jeffrey and Ghemawat, Sanjay},
  journal={Communications of the ACM},
  volume={51},
  number={1},
  pages={107--113},
  year={2008},
  publisher={ACM}
}
@inproceedings{zaharia2010spark,
  title={Spark: cluster computing with working sets},
  author={Zaharia, Matei and Chowdhury, Mosharaf and Franklin, Michael J and Shenker, Scott and Stoica, Ion},
  booktitle={Proceedings of the 2nd USENIX conference on Hot topics in cloud computing},
  pages={10--10},
  year={2010}
}
@misc{perez2013open,
  title={An Open Source Framework For Interactive, Collaborative And Reproducible Scientific Computing And Education},
  author={Perez, Fernando and Granger, Brian E and Obispo, CPSL},
  year={2013}
}
@book{Tufte:1986:VDQ:33404,
 author = {Tufte, Edward R.},
 title = {The Visual Display of Quantitative Information},
 year = {1986},
 isbn = {0-9613921-0-X},
 publisher = {Graphics Press},
 address = {Cheshire, CT, USA}
} 
@misc{crossfilter,
  author = {Square},
  title = {Crossfilter API Reference},
  year = 2014,
  howpublished = {https://github.com/square/crossfilter/wiki/API-Reference}
}
@misc{d3galery,
	title = {d3.js Gallery},
	year = 2014,
	howpublished = {https://github.com/mbostock/d3/wiki/Gallery}
}
@misc{dcjs,
  title = {dc.js Homepage},
  year = 2014,
  howpublished = {http://dc-js.github.io/dc.js/Reference}
}
@online{widget,
  title = {Interactive Widgets in IPython Notebooks},
  year = 2014,
  howpublished = {http://www.artandlogic.com/blog/2014/06/interactive-widgets-in-ipython-notebooks/}
}

@book{bekkerman2011scaling,
  title={Scaling up machine learning: Parallel and distributed approaches},
  author={Bekkerman, Ron and Bilenko, Mikhail and Langford, John},
  year={2011},
  publisher={Cambridge University Press}
}

@article{tauro2012comparative,
  title={Comparative study of the new generation, agile, scalable, high performance NOSQL databases},
  author={Tauro, Clarence JM and Aravindh, S and Shreeharsha, AB},
  journal={International Journal of Computer Applications},
  volume={48},
  number={20},
  pages={1--4},
  year={2012},
  publisher={International Journal of Computer Applications, 244 5 th Avenue,\# 1526, New York, NY 10001, USA India}
}